<?xml version="1.0" encoding="UTF-8"?><collection xmlns="http://www.loc.gov/MARC21/slim"><record><leader>00373nam--2200133-i-4500</leader><controlfield tag="001">000018427</controlfield><controlfield tag="002">20161230</controlfield><controlfield tag="005">20161230201032</controlfield><controlfield tag="008">060222s1000------------r-----000-0-eng-d</controlfield><datafield ind1=" " ind2=" " tag="100"><subfield code="a">Eisenbud, L., Wigner, E.P</subfield></datafield><datafield ind1=" " ind2=" " tag="245"><subfield code="a">Einfuhrung in die kernphysik</subfield></datafield><datafield ind1=" " ind2=" " tag="260"><subfield code="a">Mannheim, Bibliographisches Institut, 1961. Vi + 145 P</subfield></datafield><datafield ind1=" " ind2=" " tag="490"><subfield code="a">B.I.-hochschultaschenbucher</subfield></datafield><datafield ind1=" " ind2=" " tag="852"><subfield code="a">16549</subfield></datafield></record></collection>